@article{pps,
  title={Identifiers in HE PPDUs for power saving},
  year={2015-09-12}
}

@article{psra,
  title={Power Save with Random Access},
  year={2015-09-14}
}

@article{mu_ul,
  title={UL MU Procedure	},
  year={2015-03-09}
}
@book{ross2014introduction,
  title={Introduction to probability models},
  author={Ross, Sheldon M},
  year={2014},
  publisher={Academic press}
}

@inproceedings{ye2002energy,
  title={An energy-efficient MAC protocol for wireless sensor networks},
  author={Ye, Wei and Heidemann, John and Estrin, Deborah},
  booktitle={INFOCOM 2002. Twenty-First Annual Joint Conference of the IEEE Computer and Communications Societies. Proceedings. IEEE},
  volume={3},
  pages={1567--1576},
  year={2002},
  organization={IEEE}
}

@article{lin2005comprehensive,
  title={A comprehensive study of power-efficient rendezvous schemes for wireless sensor networks},
  author={Lin, En-Yi},
  year={2005},
  publisher={University of California, Berkeley}
}
@article{bianchi2000performance,
  title={Performance analysis of the IEEE 802.11 distributed coordination function},
  author={Bianchi, Giuseppe},
  journal={Selected Areas in Communications, IEEE Journal on},
  volume={18},
  number={3},
  pages={535--547},
  year={2000},
  publisher={IEEE}
}